@inproceedings{brill1992simple,
  author    = {E. Brill},
  title     = {{A simple rule-based part of speech tagger}},
  booktitle = {Workshop on Speech and Natural Language},
  pages     = {112--116},
  year      = {1992}
}

@misc{w3cevents2011,
  author = {Doug Schepers and Jacob Rossi and Björn Höhrmann and Philippe {Le Hégaret} and Tom Pixley},
  title = {{Document Object Model (DOM) Level 3 Events Specification}},
  howpublished = {W3C Working Draft},
  month = May,
  year = 2011,
  notes = {\url{http://www.w3.org/TR/DOM-Level-3-Events/#event-type-DOMNodeInserted}
}

@online{jsonp2009,
  author = {Wolfram Kriesing},
  title = {{JSONP for Google spreadsheets}},
  year = 2009,
  month = apr,
  note = {\url{http://uxebu.com/blog/2009/04/30/jsonp-for-google-spreadsheets/}}
}  

@online{xkcd37,
  author = {Randall Munroe},
  title = {Hyphen},
  note = {\url{http://xkcd.com/37/}}
}

@online{treewalker,
  author = {{Mozilla Developer Network}},
  title = {{Document Object Model (DOM) -- document.createTreeWalker}},
  note = {\url{https://developer.mozilla.org/en/DOM/document.createTreeWalker}}
}